@BOOK{Dasgupta2009,
  title = {Algoritmos},
  publisher = {McGraw-Hill},
  year = {2009},
  author = {Dasgupta, Sanjoy},
  address = {SÃ£o Paulo},
  owner = {Biblioteca},
  timestamp = {2009.11.08}
}

